<?xml version="1.0" encoding="utf-8"?>
<record xmlns="http://www.loc.gov/MARC21/slim" xmlns:xsi="http://www.w3.org/2001/XMLSchema-instance" xsi:schemaLocation="http://www.loc.gov/MARC21/slim http://www.loc.gov/standards/marcxml/schema/MARC21slim.xsd">
	<leader>     nam a22     Mi 4500</leader>
	<controlfield tag="001">3063302</controlfield>
	<controlfield tag="003">NNC</controlfield>
	<controlfield tag="006">m        d        </controlfield>
	<controlfield tag="007">cr cn |||m|||a</controlfield>
	<controlfield tag="008">181206s1900    ua      o     000 0 araod</controlfield>
	<datafield ind1=" " ind2=" " tag="040">
		<subfield code="a">ZYU</subfield>
		<subfield code="b">ara</subfield>
		<subfield code="e">rda</subfield>
		<subfield code="c">ZYU</subfield>
	</datafield>
	<datafield ind1=" " ind2="4" tag="050">
		<subfield code="a">KBP440.62.S93</subfield>
		<subfield code="b">A3432 1900</subfield>
	</datafield>
	<datafield ind1="1" ind2=" " tag="100">
		<subfield code="6">880-01</subfield>
		<subfield code="a">Bannānī, ʻAbd al-Raḥmān ibn Jād Allāh,</subfield>
		<subfield code="d">-1783 or 1784.</subfield>
	</datafield>
	<datafield ind1="1" ind2="0" tag="240">
		<subfield code="6">880-02</subfield>
		<subfield code="a">Ḥāshiyat al-Bannānī ʻalá Jamʻ al-Jawāmiʻ</subfield>
	</datafield>
	<datafield ind1="1" ind2="0" tag="245">
		<subfield code="6">880-03</subfield>
		<subfield code="a">Ḥāshiyat al-ʻallāmah al-Bannānī ʻalá sharḥ al-Jalāl al-Muḥallī ʻalá Jamʻ al-Jawāmiʻ lil-Imām Ibn al-Subkī, taghammada Allāh al-jamīʻ bi-raḥmatihi wa-askanahum fasīḥ jannatih :</subfield>
		<subfield code="b">wa-bi-hāmishihi al-sharḥ al-madhkūr wa-baʻḍ taqrīr al-ʻālim al-ʻallāmah al-Shaykh ʻAbd al-Raḥmān al-Shirbīnī, ḥafiẓahu Allāh, āmīn.</subfield>
	</datafield>
	<datafield ind1="3" ind2=" " tag="246">
		<subfield code="6">880-04</subfield>
		<subfield code="a">Jamʻ al-jawāmiʻ</subfield>
	</datafield>
	<datafield ind1=" " ind2=" " tag="260">
		<subfield code="6">880-05</subfield>
		<subfield code="a">Miṣr :</subfield>
		<subfield code="b">Muṣṭafá al-Bābī al-Ḥalabī wa-akhawayh,</subfield>
		<subfield code="c">1318 H [1900]</subfield>
		<subfield code="e">(Miṣr :</subfield>
		<subfield code="f">al-Maṭbaʻah al-Sharīfah)</subfield>
	</datafield>
	<datafield ind1=" " ind2=" " tag="300">
		<subfield code="a">online resource (2 volumes in 1)</subfield>
	</datafield>
	<datafield ind1=" " ind2=" " tag="336">
		<subfield code="a">text</subfield>
		<subfield code="2">rdacontent</subfield>
	</datafield>
	<datafield ind1=" " ind2=" " tag="337">
		<subfield code="a">computer</subfield>
		<subfield code="2">rdamedia</subfield>
	</datafield>
	<datafield ind1=" " ind2=" " tag="338">
		<subfield code="a">online resource</subfield>
		<subfield code="2">rdacarrier</subfield>
	</datafield>
	<datafield ind1=" " ind2=" " tag="500">
		<subfield code="a">A supercommentary by al-Bannānī on Maḥallīʼs al-Badr al-ṭāliʻ fī ḥall jamʻ al-jawāmiʻ, itself commentary on al-Subkī's Jamʻ al-Jawāmiʻ fī uṣūl al-fiqh. Maḥallī's commentary, and with it al-Bannānī's supercommentary, occupy the center of each page; al-Shirbīnī's notes are printed in the margin.</subfield>
	</datafield>
	<datafield ind1=" " ind2=" " tag="500">
		<subfield code="a">Part of the Arabic Collections Online (ACO) project, contributed by Columbia University Libraries.</subfield>
	</datafield>
	<datafield ind1=" " ind2=" " tag="533">
		<subfield code="a">Electronic reproduction.</subfield>
		<subfield code="b">New York, N.Y. :</subfield>
		<subfield code="c">New York University,</subfield>
		<subfield code="d">2018.</subfield>
		<subfield code="5">NNU</subfield>
	</datafield>
	<datafield ind1=" " ind2="0" tag="650">
		<subfield code="a">Islamic law</subfield>
		<subfield code="x">Interpretation and construction.</subfield>
	</datafield>
	<datafield ind1=" " ind2="7" tag="650">
		<subfield code="a">Islamic law</subfield>
		<subfield code="x">Interpretation and construction.</subfield>
		<subfield code="2">fast</subfield>
		<subfield code="0">(OCoLC)fst00979955</subfield>
	</datafield>
	<datafield ind1="1" ind2=" " tag="700">
		<subfield code="6">880-06</subfield>
		<subfield code="a">Shirbīnī, ʻAbd al-Raḥmān ibn Muḥammad,</subfield>
		<subfield code="d">-1908.</subfield>
	</datafield>
	<datafield ind1="1" ind2=" " tag="700">
		<subfield code="6">880-07</subfield>
		<subfield code="a">Subkī, Tāj al-Dīn ʻAbd al-Wahhāb ibn ʻAlī,</subfield>
		<subfield code="d">approximately 1327-1370.</subfield>
		<subfield code="t">Jamʻ al-jawāmiʻ fī al-uṣūl.</subfield>
	</datafield>
	<datafield ind1="1" ind2=" " tag="700">
		<subfield code="6">880-08</subfield>
		<subfield code="a">Maḥallī, Jalāl al-Dīn Muḥammad ibn Aḥmad,</subfield>
		<subfield code="d"> 1389-1459.</subfield>
		<subfield code="t">Badr al-ṭāliʻ. </subfield>
	</datafield>
	<datafield ind1="2" ind2=" " tag="710">
		<subfield code="a">Columbia University.</subfield>
		<subfield code="b">Libraries.</subfield>
	</datafield>
	<datafield ind1="0" ind2=" " tag="730">
		<subfield code="a">Arabic Collections Online.</subfield>
	</datafield>
	<datafield ind1="0" ind2="8" tag="776">
		<subfield code="i">Print version:</subfield>
		<subfield code="a">Bannānī, ʻAbd al-Raḥmān ibn Jād Allāh, -1783 or 1784.</subfield>
		<subfield code="t">Ḥāshiyat al-ʻallāmah al-Bannānī ʻalá sharḥ al-Jalāl al-Muḥallī ʻalá Jamʻ al-Jawāmiʻ lil-Imām Ibn al-Subkī, taghammada Allāh al-jamīʻ bi-raḥmatihi wa-askanahum fasīḥ jannatih</subfield>
		<subfield code="w">(NNC)3063302</subfield>
		<subfield code="w">(OCoLC)22730500</subfield>
	</datafield>
	<datafield ind1="4" ind2="0" tag="856">
		<subfield code="u">http://hdl.handle.net/2333.1/bzkh1gmh</subfield>
	</datafield>
	<datafield ind1="1" ind2=" " tag="880">
		<subfield code="6">100-01</subfield>
		<subfield code="a">بناني، عبد الرحمن بن جاد الله،</subfield>
		<subfield code="d">-1783 or 1784.</subfield>
	</datafield>
	<datafield ind1="1" ind2="0" tag="880">
		<subfield code="6">240-02</subfield>
		<subfield code="a">حاشية البناني على جمع الجوامع</subfield>
	</datafield>
	<datafield ind1="1" ind2="0" tag="880">
		<subfield code="6">245-03</subfield>
		<subfield code="a">حاشية العلامة البناني على شرح الجلال المحلي على جمع الجوامع للامام ابن السبكي، تغمد الله الجميع برحمته واسكنهم فسيح جنته :</subfield>
		<subfield code="b">وبهامشه الشرح المذكور وبعض تقرير العال العلامة الشيخ عبد الرحمن الشربيني، حفظه الله، آمين.</subfield>
	</datafield>
	<datafield ind1="3" ind2=" " tag="880">
		<subfield code="6">246-04</subfield>
		<subfield code="a">جمع الجوامع</subfield>
	</datafield>
	<datafield ind1=" " ind2=" " tag="880">
		<subfield code="6">260-05</subfield>
		<subfield code="a">مصر :</subfield>
		<subfield code="b">مصطفى البابي الحلبي واخويه،</subfield>
		<subfield code="c">1318 ه [1900]</subfield>
		<subfield code="e">(مصر :</subfield>
		<subfield code="f">المطبعة الشريفه)</subfield>
	</datafield>
	<datafield ind1="1" ind2=" " tag="880">
		<subfield code="6">700-06</subfield>
		<subfield code="a">شربيني، عبد الرحمن بن محمد،</subfield>
		<subfield code="d">-1908.</subfield>
	</datafield>
	<datafield ind1="1" ind2=" " tag="880">
		<subfield code="6">700-07</subfield>
		<subfield code="a">سبكي، تاج الدين عبد الوهاب بن علي،</subfield>
		<subfield code="d">approximately 1327-1370.</subfield>
		<subfield code="t">جمع الجوامع في الأصول.</subfield>
	</datafield>
	<datafield ind1="1" ind2=" " tag="880">
		<subfield code="6">700-08</subfield>
		<subfield code="a">محلي، جلال الدين محمد بن احمد،</subfield>
		<subfield code="d">1389-1459.</subfield>
		<subfield code="t">بدر الطالع. </subfield>
	</datafield>
	<datafield ind1=" " ind2=" " tag="959">
		<subfield code="a">NNU</subfield>
		<subfield code="b">WEB</subfield>
		<subfield code="c">GENI</subfield>
		<subfield code="t">0</subfield>
		<subfield code="m">Electronic access</subfield>
		<subfield code="s">01</subfield>
	</datafield>
	<datafield ind1=" " ind2=" " tag="999">
		<subfield code="i">NNC_3063302</subfield>
		<subfield code="o">(OCoLC)ocm22730500</subfield>
		<subfield code="s">columbia_aco003309</subfield>
		<subfield code="e">(ERROR-880)</subfield>
		<subfield code="s">columbia_aco003309</subfield>
	</datafield>
</record>
